%% This BibTeX bibliography file was created using BibDesk.
%% http://bibdesk.sourceforge.net/


%% Created for Pablo at 2019-08-22 09:02:51 -0300 


%% Saved with string encoding Unicode (UTF-8) 

@inproceedings{PutrueleDCD22,
  author    = {Luciano Putruele and
               Ramiro Demasi and
               Pablo F. Castro and
               Pedro R. D'Argenio},
  editor    = {Dana Fisman and
               Grigore Rosu},
  title     = {MaskD: {A} Tool for Measuring Masking Fault-Tolerance},
  booktitle = {Tools and Algorithms for the Construction and Analysis of Systems
               - 28th International Conference, {TACAS} 2022, Held as Part of the
               European Joint Conferences on Theory and Practice of Software, {ETAPS}
               2022, Munich, Germany, April 2-7, 2022, Proceedings, Part {I}},
  series    = {Lecture Notes in Computer Science},
  volume    = {13243},
  pages     = {396--403},
  publisher = {Springer},
  year      = {2022},
  url       = {https://doi.org/10.1007/978-3-030-99524-9\_22},
  doi       = {10.1007/978-3-030-99524-9\_22},
  timestamp = {Fri, 29 Apr 2022 14:50:36 +0200},
  biburl    = {https://dblp.org/rec/conf/tacas/PutrueleDCD22.bib},
  bibsource = {dblp computer science bibliography, https://dblp.org}
}

@article{Dial69,
	Author = {R.B.Dial},
	Date-Added = {2019-08-22 12:01:42 +0000},
	Date-Modified = {2019-08-22 12:02:51 +0000},
	Journal = {Communications of {ACM}},
	Title = {Algorithm 360: shortest-path forest with topological ordering},
	Volume = {12},
	Year = {1969}}

@inproceedings{Wil12,
	Author = {V. V. Williams},
	Booktitle = {Proceedings of the 44th Symposium on Theory of Computing Conference, {STOC} 2012, New York, NY, USA, May 19 - 22, 2012},
	Date-Added = {2019-02-14 03:23:09 +0000},
	Date-Modified = {2019-02-14 03:25:29 +0000},
	Title = {Multiplying Matrices Faster Than Coppersmith-Winograd},
	Year = {2012}}

@book{ShoomanBook,
	Author = {Martin L. Shooman},
	Date-Added = {2018-11-16 09:42:26 +0000},
	Date-Modified = {2018-11-16 09:43:59 +0000},
	Publisher = {John Wiley \& Sons, Inc},
	Title = {Reliability of Computer Systems and Networks: Fault Tolerance,Analysis,and Design},
	Year = {2002}}

@article{Dijkstra71,
	Author = {E. W. Dijkstra},
	Date-Added = {2018-11-16 09:38:51 +0000},
	Date-Modified = {2018-11-16 09:39:54 +0000},
	Journal = {Acta Informatica},
	Number = {2},
	Pages = {115-138},
	Title = {Hierarchical ordering of sequential processes},
	Volume = {1},
	Year = {1971}}

@article{AroraGouda93,
	Author = {A. Arora and M. Gouda},
	Date-Added = {2018-11-15 21:18:43 +0000},
	Date-Modified = {2018-11-15 21:19:32 +0000},
	Journal = {IEEE Transactions on Software Engineering},
	Number = {11},
	Title = {Closure and Convergence: A Foundation of Fault-Tolerant Computing},
	Volume = {19},
	Year = {1993}}

@misc{MaskD,
    Author = {MaskD},
	Date-Added = {2018-11-15 21:11:08 +0000},
	Date-Modified = {2018-11-16 09:31:35 +0000},
	Howpublished = {\url{https://github.com/cl-unrc-lab/MaskD}},
	Title = {MaskD: Masking Distance Tool},
	Year = {2022}}

@misc{FairPrism,
    Author = {FairPrismGames},
	Date-Added = {2018-11-15 21:11:08 +0000},
	Date-Modified = {2018-11-16 09:31:35 +0000},
	Howpublished = {\url{https://github.com/cl-unrc-lab/FairPrismGames}},
	Title = {FairPrismGames: An extension of the Prism Model Checker},
	Year = {2022}}

@inproceedings{Charikar06,
	Author = {Moses Charikar and Konstantin Makarychev and Yury Makarychev},
	Booktitle = {Proceedings of the Seventeenth Annual {ACM-SIAM} Symposium on Discrete Algorithms, {SODA} 2006, Miami, Florida, USA, January 22-26, 2006},
	Date-Added = {2018-11-13 16:56:41 +0000},
	Date-Modified = {2018-11-13 16:58:10 +0000},
	Publisher = {{ACM} Press},
	Title = {Directed metrics and directed graph partitioning problems},
	Year = {2006}}

@article{AlfaroMajumdarRamanStoelinga08,
	Author = {L. de Alfaro and R. Majumdar and V. Raman and M. Stoelinga},
	Date-Added = {2018-11-13 16:53:45 +0000},
	Date-Modified = {2018-11-13 16:55:31 +0000},
	Journal = {Logical Methods in Computer Science},
	Number = {3},
	Title = {Game Refinement Relations and Metrics},
	Volume = {4},
	Year = {2008}}

@article{CernyHR12,
	Author = {Pavol Cern{\'{y}} and Thomas A. Henzinger and Arjun Radhakrishna},
	Journal = {Theor. Comput. Sci.},
	Number = {1},
	Pages = {21--35},
	Title = {Simulation distances},
	Volume = {413},
	Year = {2012}}

@article{CastroDDP18,
	Archiveprefix = {arXiv},
	Author = {Pablo F. Castro and Pedro R. D'Argenio and Ramiro Demasi and Luciano Putruele},
	Eprint = {1811.05548},
	Journal = {CoRR},
	Title = {Measuring Masking Fault-Tolerance},
	Url = {http://arxiv.org/abs/1811.05548},
	Volume = {abs/1811.05548},
	Year = {2018},
	Bdsk-Url-1 = {http://arxiv.org/abs/1811.05548}}

@inproceedings{GrooteP96,
	Author = {Jan Friso Groote and Jaco van de Pol},
	Booktitle = {Algebraic Methodology and Software Technology, 5th International Conference, {AMAST} '96, Munich, Germany, July 1-5, 1996, Proceedings},
	Pages = {536--550},
	Title = {A Bounded Retransmission Protocol for Large Data Packets},
	Year = {1996}}

@article{Stirling99,
	Author = {Colin Stirling},
	Journal = {Logic Journal of the {IGPL}},
	Number = {1},
	Pages = {103--124},
	Title = {Bisimulation, Modal Logic and Model Checking Games},
	Volume = {7},
	Year = {1999}}

@inproceedings{FernandezM91,
	Author = {Jean{-}Claude Fernandez and Laurent Mounier},
	Booktitle = {Computer Aided Verification, 3rd International Workshop, {CAV} '91, Aalborg, Denmark, July, 1-4, 1991, Proceedings},
	Pages = {181--191},
	Title = {"On the Fly" Verification of Behavioural Equivalences and Preorders},
	Year = {1991}}

@book{Milner89,
	Address = {Upper Saddle River, NJ, USA},
	Author = {Milner, R.},
	Isbn = {0131149849},
	Publisher = {Prentice-Hall, Inc.},
	Title = {Communication and Concurrency},
	Year = {1989}}

@inproceedings{AlfaroHM03,
	Author = {Luca de Alfaro and Thomas A. Henzinger and Rupak Majumdar},
	Booktitle = {Automata, Languages and Programming, 30th International Colloquium, {ICALP} 2003, Eindhoven, The Netherlands, June 30 - July 4, 2003. Proceedings},
	Pages = {1022--1037},
	Title = {Discounting the Future in Systems Theory},
	Year = {2003}}

@article{BreugelW06,
	Author = {Franck van Breugel and James Worrell},
	Journal = {Theor. Comput. Sci.},
	Number = {1-3},
	Pages = {373--385},
	Title = {Approximating and computing behavioural distances in probabilistic transition systems},
	Volume = {360},
	Year = {2006}}

@article{AroraG93,
	Author = {Anish Arora and Mohamed G. Gouda},
	Journal = {IEEE Transactions on Software Engineering},
	Number = {11},
	Pages = {1015-1027},
	Title = {Closure and Convergence: A Foundation of Fault-Tolerant Computing},
	Volume = {19},
	Year = {1993}}

@book{MC80,
	Author = {Carver Mead and Lynn Conway},
	Isbn = {978-0-201-04358-7},
	Pages = {I-XVI, 1-396},
	Publisher = {Addison-Wesley},
	Title = {Introduction to {VLSI} systems},
	Year = {1980}}

@inproceedings{IyerNGK10,
	Author = {Ravishankar K. Iyer and Nithin Nakka and Weining Gu and Zbigniew Kalbarczyk},
	Booktitle = {Encyclopedia of Software Engineering},
	Pages = {287--299},
	Title = {Fault Injection},
	Year = {2010}}

@article{HsuehTI97,
	Address = {Los Alamitos, CA, USA},
	Author = {Hsueh, Mei-Chen and Tsai, Timothy K. and Iyer, Ravishankar K.},
	Issn = {0018-9162},
	Issue_Date = {April 1997},
	Journal = {Computer},
	Month = apr,
	Number = {4},
	Numpages = {8},
	Pages = {75--82},
	Publisher = {IEEE Computer Society Press},
	Title = {Fault Injection Techniques and Tools},
	Volume = {30},
	Year = {1997}}

@article{Henzinger13,
	Author = {Thomas A. Henzinger},
	Journal = {Computer Science - R{\&}D},
	Number = {4},
	Pages = {331--344},
	Title = {Quantitative reactive modeling and verification},
	Volume = {28},
	Year = {2013}}

@inproceedings{CharikarMM06,
	Author = {Moses Charikar and Konstantin Makarychev and Yury Makarychev},
	Booktitle = {Proceedings of the Seventeenth Annual {ACM-SIAM} Symposium on Discrete Algorithms, {SODA} 2006, Miami, Florida, USA, January 22-26, 2006},
	Pages = {51--60},
	Title = {Directed metrics and directed graph partitioning problems},
	Year = {2006}}

@article{AlfaroMRS08,
	Author = {Luca de Alfaro and Rupak Majumdar and Vishwanath Raman and Mari{\"{e}}lle Stoelinga},
	Journal = {Logical Methods in Computer Science},
	Number = {3},
	Title = {Game Refinement Relations and Metrics},
	Url = {https://doi.org/10.2168/LMCS-4(3:7)2008},
	Volume = {4},
	Year = {2008},
	Bdsk-Url-1 = {https://doi.org/10.2168/LMCS-4(3:7)2008}}

@article{ThraneFL10,
	Author = {Claus R. Thrane and Uli Fahrenberg and Kim G. Larsen},
	Journal = {J. Log. Algebr. Program.},
	Number = {7},
	Pages = {689--703},
	Title = {Quantitative analysis of weighted transition systems},
	Volume = {79},
	Year = {2010}}

@article{AlfaroFS09,
	Author = {Luca de Alfaro and Marco Faella and Mari{\"{e}}lle Stoelinga},
	Journal = {{IEEE} Trans. Software Eng.},
	Number = {2},
	Pages = {258--273},
	Title = {Linear and Branching System Metrics},
	Volume = {35},
	Year = {2009}}

@article{LarsenFT11,
	Author = {Kim G. Larsen and Uli Fahrenberg and Claus R. Thrane},
	Journal = {Theor. Comput. Sci.},
	Number = {28},
	Pages = {3358--3369},
	Title = {Metrics for weighted transition systems: Axiomatization and complexity},
	Volume = {412},
	Year = {2011}}

@inproceedings{HenzingerMP05,
	Author = {Thomas A. Henzinger and Rupak Majumdar and Vinayak S. Prabhu},
	Booktitle = {Formal Modeling and Analysis of Timed Systems, Third International Conference, {FORMATS} 2005, Uppsala, Sweden, September 26-28, 2005, Proceedings},
	Pages = {226--241},
	Title = {Quantifying Similarities Between Timed Systems},
	Year = {2005}}

@inproceedings{Henzinger10,
	Author = {Thomas A. Henzinger},
	Booktitle = {Proceedings of the 37th {ACM} {SIGPLAN-SIGACT} Symposium on Principles of Programming Languages, {POPL} 2010, Madrid, Spain, January 17-23, 2010},
	Pages = {157--158},
	Title = {From Boolean to quantitative notions of correctness},
	Year = {2010}}

@inproceedings{CastroDDP18b,
	Author = {Pablo F. Castro and Pedro R. D'Argenio and Ramiro Demasi and Luciano Putruele},
	Booktitle = {{TACAS} 2019, Prague, Czech Republic},
	Title = {Measuring Masking Fault-Tolerance},
	Year = {2019}}

@article{BokerCHK14,
	Author = {Udi Boker and Krishnendu Chatterjee and Thomas A. Henzinger and Orna Kupferman},
	Journal = {{ACM} Trans. Comput. Log.},
	Number = {4},
	Pages = {27:1--27:25},
	Title = {Temporal Specifications with Accumulative Values},
	Volume = {15},
	Year = {2014}}

@article{DesharnaisGJP04,
	Author = {Josee Desharnais and Vineet Gupta and Radha Jagadeesan and Prakash Panangaden},
	Journal = {Theor. Comput. Sci.},
	Number = {3},
	Pages = {323--354},
	Title = {Metrics for labelled Markov processes},
	Volume = {318},
	Year = {2004}}

@article{Gartner99,
	Author = {Felix C. G{\"a}rtner},
	Journal = {ACM Computing Surveys},
	Title = {Fundamentals of Fault-Tolerant Distributed Computing in Asynchronous Environments},
	Volume = {31},
	Year = {1999}}

@article{AlfaroHK07,
	Author = {Luca de Alfaro and Thomas A. Henzinger and Orna Kupferman},
	Journal = {Theor. Comput. Sci.},
	Number = {3},
	Pages = {188--217},
	Title = {Concurrent reachability games},
	Volume = {386},
	Year = {2007}}

@book{AptG11,
	Address = {New York, NY, USA},
	Author = {Krzysztof R. Apt and Erich Gr{\"{a}}del},
	Edition = {1st},
	Isbn = {0521198666, 9780521198660},
	Publisher = {Cambridge University Press},
	Title = {Lectures in Game Theory for Computer Scientists},
	Year = {2011}}

@incollection{Jurd11,
	Address = {New York, NY, USA},
	Author = {Marcin Jurdzi\' nski},
	Booktitle = {Lectures in Game Theory for Computer Scientist},
	Chapter = 3,
	Editor = {Krzysztof R. Apt and Erich Gr{\"{a}}del},
	Pages = {74-95},
	Publisher = {Cambridge University Press},
	Title = {Algorithms for Solving Parity Games},
	Year = 2011}

@article{DemasiCMA17,
	Author = {Ramiro Demasi and Pablo F. Castro and Thomas Stephen Edward Maibaum and Nazareno Aguirre},
	Journal = {Formal Asp. Comput.},
	Number = {6},
	Pages = {1013--1050},
	Title = {Simulation relations for fault-tolerance},
	Volume = {29},
	Year = {2017}}

@article{Martin98,
	Author = {Donald A. Martin},
	Journal = {J. Symb. Log.},
	Number = {4},
	Pages = {1565--1581},
	Title = {The Determinacy of Blackwell Games},
	Volume = {63},
	Year = {1998}}

@article{LamportSP82,
	Author = {Leslie Lamport and Robert E. Shostak and Marshall C. Pease},
	Journal = {ACM Trans. Program. Lang. Syst.},
	Number = {3},
	Pages = {382-401},
	Title = {The {B}yzantine Generals Problem},
	Volume = {4},
	Year = {1982}}

@inproceedings{HelminkSV93,
	Author = {Leen Helmink and M. P. A. Sellink and Frits W. Vaandrager},
	Booktitle = {Types for Proofs and Programs, International Workshop TYPES'93, Nijmegen, The Netherlands, May 24-28, 1993, Selected Papers},
	Pages = {127--165},
	Title = {Proof-Checking a Data Link Protocol},
	Year = {1993}}

@inproceedings{OngaroO14,
	Author = {Diego Ongaro and John K. Ousterhout},
	Booktitle = {{USENIX} Annual Technical Conference},
	Pages = {305--319},
	Publisher = {{USENIX} Association},
	Title = {In Search of an Understandable Consensus Algorithm},
	Year = {2014}}


%% This BibTeX bibliography file was created using BibDesk.
%% http://bibdesk.sourceforge.net/


%% Created for Pablo at 2021-02-03 10:44:27 -0300 


%% Saved with string encoding Unicode (UTF-8) 

@inproceedings{DBLP:conf/podc/AbadiL94,
  author    = {Mart{\'{\i}}n Abadi and
               Leslie Lamport},
  editor    = {James H. Anderson and
               David Peleg and
               Elizabeth Borowsky},
  title     = {Open Systems in {TLA}},
  booktitle = {Proceedings of the Thirteenth Annual {ACM} Symposium on Principles
               of Distributed Computing, Los Angeles, California, USA, August 14-17,
               1994},
  pages     = {81--90},
  publisher = {{ACM}},
  year      = {1994},
  OPTurl       = {https://doi.org/10.1145/197917.197960},
  doi       = {10.1145/197917.197960},
  timestamp = {Tue, 06 Nov 2018 11:07:19 +0100},
  biburl    = {https://dblp.org/rec/conf/podc/AbadiL94.bib},
  bibsource = {dblp computer science bibliography, https://dblp.org}
}

@article{DBLP:journals/moc/Azimzadeh19,
  author    = {Parsiad Azimzadeh},
  title     = {A fast and stable test to check if a weakly diagonally dominant matrix
               is a nonsingular M-matrix},
  journal   = {Math. Comput.},
  volume    = {88},
  number    = {316},
  pages     = {783--800},
  year      = {2019},
  url       = {https://doi.org/10.1090/mcom/3347},
  doi       = {10.1090/mcom/3347},
  timestamp = {Wed, 19 Dec 2018 16:42:47 +0100},
  biburl    = {https://dblp.org/rec/journals/moc/Azimzadeh19.bib},
  bibsource = {dblp computer science bibliography, https://dblp.org}
}

@article{SvorenovaKwiatkowska16,
	Author = {M{\'a}ria Svore{\v n}ov{\'a} and Marta Z. Kwiatkowska},
	Date-Added = {2021-02-03 13:33:44 +0000},
	Date-Modified = {2021-02-03 13:44:27 +0000},
	Journal = {European Journal of Control},
	Title = {Quantitative verification and Strategy Synthesis for Stochastic Games},
	Year = {2016}}
	
@article{DBLP:journals/fmsd/ChenFKPS13,
  author    = {Taolue Chen and
               Vojtech Forejt and
               Marta Z. Kwiatkowska and
               David Parker and
               Aistis Simaitis},
  title     = {Automatic verification of competitive stochastic systems},
  journal   = {Formal Methods Syst. Des.},
  volume    = {43},
  number    = {1},
  pages     = {61--92},
  year      = {2013},
  OPTurl       = {https://doi.org/10.1007/s10703-013-0183-7},
  doi       = {10.1007/s10703-013-0183-7},
  timestamp = {Fri, 13 Mar 2020 10:55:15 +0100},
  biburl    = {https://dblp.org/rec/journals/fmsd/ChenFKPS13.bib},
  bibsource = {dblp computer science bibliography, https://dblp.org}
}

@inproceedings{DBLP:conf/lics/Baier0DGS18,
  author    = {Christel Baier and
               Nathalie Bertrand and
               Clemens Dubslaff and
               Daniel Gburek and
               Ocan Sankur},
  editor    = {Anuj Dawar and
               Erich Gr{\"{a}}del},
  title     = {Stochastic Shortest Paths and Weight-Bounded Properties in Markov
               Decision Processes},
  booktitle = {Proceedings of the 33rd Annual {ACM/IEEE} Symposium on Logic in Computer
               Science, {LICS} 2018, Oxford, UK, July 09-12, 2018},
  pages     = {86--94},
  publisher = {{ACM}},
  year      = {2018},
  url       = {https://doi.org/10.1145/3209108.3209184},
  doi       = {10.1145/3209108.3209184},
  timestamp = {Mon, 16 Sep 2019 15:23:25 +0200},
  biburl    = {https://dblp.org/rec/conf/lics/Baier0DGS18.bib},
  bibsource = {dblp computer science bibliography, https://dblp.org}
}

@book{ReliabilityBook,
	Author = {J. Lienig and H. Bruemmer},
	Date-Added = {2020-10-05 13:25:35 +0000},
	Date-Modified = {2020-10-05 13:26:36 +0000},
	Publisher = {Springer International Publishing},
	Title = {Reliability Analysis},
	Year = {2017}}


@inproceedings{Larsen91,
	Author = {Bengt Jonsson and Kim G. Larsen},
	Booktitle = {6th Annual Symposium on Logic in Computer Science},
	Date-Added = {2020-09-29 19:07:13 +0000},
	Date-Modified = {2020-09-29 19:26:55 +0000},
	Organization = {IEEE Computer Society},
	Title = {Specification and Refinement of Probabilistic Processes.},
	Year = {1991}}

@article{DBLP:journals/dc/BaierK98,
  author    = {Christel Baier and
               Marta Z. Kwiatkowska},
  title     = {Model Checking for a Probabilistic Branching Time Logic with Fairness},
  journal   = {Distributed Comput.},
  volume    = {11},
  number    = {3},
  pages     = {125--155},
  year      = {1998},
  OPTurl       = {https://doi.org/10.1007/s004460050046},
  doi       = {10.1007/s004460050046},
  timestamp = {Fri, 13 Mar 2020 14:37:27 +0100},
  biburl    = {https://dblp.org/rec/journals/dc/BaierK97.bib},
  bibsource = {dblp computer science bibliography, https://dblp.org}
}

@book{BaierK08,
	Author = {Baier, Christel and Katoen, Joost-Pieter},
	isbn      = {978-0-262-02649-9},
	Publisher = {The MIT Press},
	Title = {Principles of Model Checking},
	Year = {2008}}

@inproceedings{DBLP:conf/ifm/Baier10,
  author    = {Christel Baier},
  editor    = {Dominique M{\'{e}}ry and
               Stephan Merz},
  title     = {On Model Checking Techniques for Randomized Distributed Systems},
  booktitle = {Integrated Formal Methods - 8th International Conference, {IFM} 2010,
               Nancy, France, October 11-14, 2010. Proceedings},
  series    = {Lecture Notes in Computer Science},
  volume    = {6396},
  pages     = {1--11},
  publisher = {Springer},
  year      = {2010},
  url       = {https://doi.org/10.1007/978-3-642-16265-7\_1},
  doi       = {10.1007/978-3-642-16265-7\_1},
  timestamp = {Tue, 14 May 2019 10:00:51 +0200},
  biburl    = {https://dblp.org/rec/conf/ifm/Baier10.bib},
  bibsource = {dblp computer science bibliography, https://dblp.org}
}


@book{FilarV96,
	Address = {Berlin, Heidelberg},
	Author = {Filar, Jerzy and Vrieze, Koos},
	Isbn = {978-0-387-94805-8},
	doi={10.1007/978-1-4612-4054-9},
	Publisher = {Springer-Verlag},
	Title = {Competitive Markov Decision Processes},
	Year = {1996}}
	
@book{Puterman94,
	Address = {Berlin, Heidelberg},
	Author = {Martin Puterman},
	Isbn = {978-0-471-61977-2}, 
	Publisher = { John Wiley \& Sons, Inc.},
	Title = {Markov Decision Processes: Discrete Stochastic Dynamic Programming},
	Year = {1994}}

@book{Kallenberg83,
	Address = {Amsterdam, Netherland},
	Author = {Lodewijk Kallenberg},
	Isbn = {90-6196-236-6},
	Publisher = {Mathematisch Centrum},
	Title = {Linear Programming and Finite Markovian Control Problems},
	Year = {1983}}

@book{Altman99,
	OptAddress = {Sophia Antipolis, France},
	Author = {Eitan Altman},
	Isbn = {978-0849303821},
	Publisher = {Chapman and Hall/CRC},
	Title = {Constrained Markov Decision Processes},
	Year = {1999}}

@inproceedings{Stirling98,
	Author = {Corlin Stirling},
	Booktitle = {Proceedings of MFCS'98},
	Date-Added = {2020-09-24 18:05:05 +0000},
	Date-Modified = {2020-09-24 18:06:26 +0000},
	Publisher = {Springer},
	Series = {LNCS},
	Title = {The Joys of Bisimulation},
	Volume = {1450},
	Year = {1998}}

@inproceedings{Condon90,
	Author = {Anne Condon},
	Booktitle = {Advances In Computational Complexity Theory, Proceedings of a {DIMACS} Workshop, New Jersey, USA, December 3-7, 1990},
	Editor = {Jin{-}Yi Cai},
	Pages = {51--71},
	Publisher = {{DIMACS/AMS}},
	Series = {{DIMACS} Series in Discrete Mathematics and Theoretical Computer Science},
	Title = {On Algorithms for Simple Stochastic Games},
	Volume = {13},
	Year = {1990}}

@phdthesis{Segala95,
	Author = {Roberto Segala},
	School = {Massachusetts Institute of Technology, Cambridge, MA, {USA}},
	Title = {Modeling and verification of randomized distributed real-time systems},
	Year = {1995}}

@article{Condon92,
	Author = {Anne Condon},
	Journal = {Inf. Comput.},
	Number = {2},
	Pages = {203--224},
	Title = {The Complexity of Stochastic Games},
	Volume = {96},
	Year = {1992}}

@inproceedings{ChatterjeeH08,
	Author = {Krishnendu Chatterjee and Thomas A. Henzinger},
	Booktitle = {25 Years of Model Checking - History, Achievements, Perspectives},
	Editor = {Orna Grumberg and Helmut Veith},
	Pages = {107--138},
	Publisher = {Springer},
	Series = {Lecture Notes in Computer Science},
	Title = {Value Iteration},
	Volume = {5000},
	Year = {2008}}
	


@inproceedings{KelmendiKKW18,
	Author = {Edon Kelmendi and Julia Kr{\"{a}}mer and Jan Kret{\'{\i}}nsk{\'{y}} and Maximilian Weininger},
	Booktitle = {Computer Aided Verification - 30th International Conference, {CAV} 2018, Held as Part of the Federated Logic Conference, FloC 2018, Oxford, UK, July 14-17, 2018, Proceedings, Part {I}},
	Editor = {Hana Chockler and Georg Weissenbacher},
	Pages = {623--642},
	Publisher = {Springer},
	Series = {Lecture Notes in Computer Science},
	Title = {Value Iteration for Simple Stochastic Games: Stopping Criterion and Learning Algorithm},
	Volume = {10981},
	Year = {2018}}
	
@inproceedings{DBLP:conf/icse/DIppolitoBPU11,
  author    = {Nicol{\'{a}}s D'Ippolito and
               V{\'{\i}}ctor A. Braberman and
               Nir Piterman and
               Sebasti{\'{a}}n Uchitel},
  editor    = {Richard N. Taylor and
               Harald C. Gall and
               Nenad Medvidovic},
  title     = {Synthesis of live behaviour models for fallible domains},
  booktitle = {Proceedings of the 33rd International Conference on Software Engineering,
               {ICSE} 2011, Waikiki, Honolulu , HI, USA, May 21-28, 2011},
  pages     = {211--220},
  publisher = {{ACM}},
  year      = {2011},
  OPTurl       = {https://doi.org/10.1145/1985793.1985823},
  doi       = {10.1145/1985793.1985823},
  timestamp = {Tue, 06 Nov 2018 11:06:55 +0100},
  biburl    = {https://dblp.org/rec/conf/icse/DIppolitoBPU11.bib},
  bibsource = {dblp computer science bibliography, https://dblp.org}
}

@misc{SynthFairy,
        key = {SynthFairy},
	Date-Added = {2018-11-15 21:11:08 +0000},
	Date-Modified = {2018-11-16 09:31:35 +0000},
	Howpublished = {\url{https://github.com/cl-unrc-lab/SynthFairy}},
	Title = {{SynthFairy}: {C}ontroller Synthesis Tool}}

@inproceedings{Charikar06,
	Author = {Moses Charikar and Konstantin Makarychev and Yury Makarychev},
	Booktitle = {Proceedings of the Seventeenth Annual {ACM-SIAM} Symposium on Discrete Algorithms, {SODA} 2006, Miami, Florida, USA, January 22-26, 2006},
	Date-Added = {2018-11-13 16:56:41 +0000},
	Date-Modified = {2018-11-13 16:58:10 +0000},
	Publisher = {{ACM} Press},
	Title = {Directed metrics and directed graph partitioning problems},
	Year = {2006}}

@article{AlfaroMajumdarRamanStoelinga08,
	Author = {L. de Alfaro and R. Majumdar and V. Raman and M. Stoelinga},
	Date-Added = {2018-11-13 16:53:45 +0000},
	Date-Modified = {2018-11-13 16:55:31 +0000},
	Journal = {Logical Methods in Computer Science},
	Number = {3},
	Title = {Game Refinement Relations and Metrics},
	Volume = {4},
	Year = {2008}}


@article{CastroDDP18,
	Archiveprefix = {arXiv},
	Author = {Pablo F. Castro and Pedro R. D'Argenio and Ramiro Demasi and Luciano Putruele},
	Eprint = {1811.05548},
	Journal = {CoRR},
	Title = {Measuring Masking Fault-Tolerance},
	OPTurl = {http://arxiv.org/abs/1811.05548},
	Volume = {abs/1811.05548},
	Year = {2018},
	Bdsk-Url-1 = {http://arxiv.org/abs/1811.05548}}

@inproceedings{DBLP:conf/memics/BrazdilKN12,
  author    = {Tom{\'{a}}s Br{\'{a}}zdil and
               Anton{\'{\i}}n Kucera and
               Petr Novotn{\'{y}}},
  editor    = {Anton{\'{\i}}n Kucera and
               Thomas A. Henzinger and
               Jaroslav Nesetril and
               Tom{\'{a}}s Vojnar and
               David Antos},
  title     = {Determinacy in Stochastic Games with Unbounded Payoff Functions},
  booktitle = {Mathematical and Engineering Methods in Computer Science, 8th International
               Doctoral Workshop, {MEMICS} 2012, Znojmo, Czech Republic, October
               25-28, 2012, Revised Selected Papers},
  series    = {Lecture Notes in Computer Science},
  volume    = {7721},
  pages     = {94--105},
  publisher = {Springer},
  year      = {2012},
  url       = {https://doi.org/10.1007/978-3-642-36046-6\_10},
  doi       = {10.1007/978-3-642-36046-6\_10},
  timestamp = {Fri, 30 Aug 2019 10:02:27 +0200},
  biburl    = {https://dblp.org/rec/conf/memics/BrazdilKN12.bib},
  bibsource = {dblp computer science bibliography, https://dblp.org}
}

@inproceedings{AlfaroHM03,
	Author = {Luca de Alfaro and Thomas A. Henzinger and Rupak Majumdar},
	Booktitle = {Automata, Languages and Programming, 30th International Colloquium, {ICALP} 2003, Eindhoven, The Netherlands, June 30 - July 4, 2003. Proceedings},
	Pages = {1022--1037},
	Title = {Discounting the Future in Systems Theory},
	Year = {2003}}

@article{BreugelW06,
	Author = {Franck van Breugel and James Worrell},
	Journal = {Theor. Comput. Sci.},
	Number = {1-3},
	Pages = {373--385},
	Title = {Approximating and computing behavioural distances in probabilistic transition systems},
	Volume = {360},
	Year = {2006}}

@article{AroraG93,
	Author = {Anish Arora and Mohamed G. Gouda},
	Journal = {IEEE Transactions on Software Engineering},
	Number = {11},
	Pages = {1015-1027},
	Title = {Closure and Convergence: A Foundation of Fault-Tolerant Computing},
	Volume = {19},
	Year = {1993}}

@article{DesharnaisLT11,
	Author = {Jos{\'{e}}e Desharnais and Fran{\c{c}}ois Laviolette and Am{\'{e}}lie Turgeon},
	Journal = {Inf. Comput.},
	Number = {5},
	Pages = {850--871},
	Title = {A logical duality for underspecified probabilistic systems},
	Volume = {209},
	Year = {2011}}

@inproceedings{BacciBLMTB19,
	Author = {Giorgio Bacci and Giovanni Bacci and Kim G. Larsen and Radu Mardare and Qiyi Tang and Franck van Breugel},
	Booktitle = {30th International Conference on Concurrency Theory, {CONCUR} 2019, August 27-30, 2019, Amsterdam, the Netherlands},
	Editor = {Wan Fokkink and Rob van Glabbeek},
	Pages = {9:1--9:17},
	Publisher = {Schloss Dagstuhl - Leibniz-Zentrum f{\"{u}}r Informatik},
	Series = {LIPIcs},
	Title = {Computing Probabilistic Bisimilarity Distances for Probabilistic Automata},
	Volume = {140},
	Year = {2019}}

@inproceedings{Baier96,
	Author = {Christel Baier},
	Booktitle = {Computer Aided Verification, 8th International Conference, {CAV} '96, New Brunswick, NJ, USA, July 31 - August 3, 1996, Proceedings},
	Editor = {Rajeev Alur and Thomas A. Henzinger},
	Pages = {50--61},
	Publisher = {Springer},
	Series = {Lecture Notes in Computer Science},
	Title = {Polynomial Time Algorithms for Testing Probabilistic Bisimulation and Simulation},
	Volume = {1102},
	Year = {1996}}

@inproceedings{TangB18,
	Author = {Qiyi Tang and Franck van Breugel},
	Booktitle = {Computer Aided Verification - 30th International Conference, {CAV} 2018, Held as Part of the Federated Logic Conference, FloC 2018, Oxford, UK, July 14-17, 2018, Proceedings, Part {I}},
	Editor = {Hana Chockler and Georg Weissenbacher},
	Pages = {681--699},
	Publisher = {Springer},
	Series = {Lecture Notes in Computer Science},
	Title = {Deciding Probabilistic Bisimilarity Distance One for Labelled Markov Chains},
	Volume = {10981},
	Year = {2018}}

@book{Dolev2000,
	Author = {Shlomi Dolev},
	Publisher = {{MIT} Press},
	Title = {Self-Stabilization},
	Year = {2000}}

@article{ChatterjeeHJ015,
	Author = {Krishnendu Chatterjee and Thomas A. Henzinger and Barbara Jobstmann and Rohit Singh},
	Journal = {J. {ACM}},
	Number = {1},
	Pages = {9:1--9:34},
	Title = {Measuring and Synthesizing Systems in Probabilistic Environments},
	Volume = {62},
	Year = {2015}}

@inproceedings{FallahiBT13,
	Author = {Narges Fallahi and Borzoo Bonakdarpour and S{\'{e}}bastien Tixeuil},
	Booktitle = {{IEEE} 32nd Symposium on Reliable Distributed Systems, {SRDS} 2013, Braga, Portugal, 1-3 October 2013},
	Pages = {153--162},
	Publisher = {{IEEE} Computer Society},
	Title = {Rigorous Performance Evaluation of Self-Stabilization Using Probabilistic Model Checking},
	Year = {2013}}

@book{MC80,
	Author = {Carver Mead and Lynn Conway},
	Isbn = {978-0-201-04358-7},
	Pages = {I-XVI, 1-396},
	Publisher = {Addison-Wesley},
	Title = {Introduction to {VLSI} systems},
	Year = {1980}}


@inproceedings{KleeWitzgall,
	Author = {V. Klee and C. Witzgall},
	Booktitle = {Mathematics of the Decision Science, Part I},
	Editor = {B. Dantzig and A.F. Veinott Jr.},
	Publisher = {American Mathematical Society},
	Title = {Facets and vertices of transportation polytopes},
	Year = {1968}}

@article{ChatterjeeH12,
	Author = {Krishnendu Chatterjee and Thomas A. Henzinger},
	Journal = {J. Comput. Syst. Sci.},
	Number = {2},
	Pages = {394--413},
	Title = {A survey of stochastic {\(\omega\)}-regular games},
	Volume = {78},
	Year = {2012}}

@inproceedings{LanotteMT17,
	Author = {Ruggero Lanotte and Massimo Merro and Simone Tini},
	Booktitle = {Formal Techniques for Distributed Objects, Components, and Systems - 37th {IFIP} {WG} 6.1 International Conference, {FORTE} 2017, Held as Part of the 12th International Federated Conference on Distributed Computing Techniques, DisCoTec 2017, Neuch{\^{a}}tel, Switzerland, June 19-22, 2017, Proceedings},
	Editor = {Ahmed Bouajjani and Alexandra Silva},
	Pages = {139--155},
	Publisher = {Springer},
	Series = {Lecture Notes in Computer Science},
	Title = {Weak Simulation Quasimetric in a Gossip Scenario},
	Volume = {10321},
	Year = {2017}}


@inproceedings{HelminkSV93,
	Author = {Leen Helmink and M. P. A. Sellink and Frits W. Vaandrager},
	Booktitle = {Types for Proofs and Programs, International Workshop TYPES'93, Nijmegen, The Netherlands, May 24-28, 1993, Selected Papers},
	Pages = {127--165},
	Title = {Proof-Checking a Data Link Protocol},
	Year = {1993}}

@inproceedings{DBLP:conf/cav/KwiatkowskaNP11,
	Author = {Marta Z. Kwiatkowska and Gethin Norman and David Parker},
	Bibsource = {dblp computer science bibliography, https://dblp.org},
	Biburl = {https://dblp.org/rec/conf/cav/KwiatkowskaNP11.bib},
	Booktitle = {Computer Aided Verification - 23rd International Conference, {CAV} 2011, Snowbird, UT, USA, July 14-20, 2011. Proceedings},
	Doi = {10.1007/978-3-642-22110-1_47},
	Editor = {Ganesh Gopalakrishnan and Shaz Qadeer},
	Pages = {585--591},
	Publisher = {Springer},
	Series = {Lecture Notes in Computer Science},
	Timestamp = {Tue, 14 May 2019 10:00:43 +0200},
	Title = {{PRISM} 4.0: Verification of Probabilistic Real-Time Systems},
	OPTUrl = {https://doi.org/10.1007/978-3-642-22110-1_47},
	Volume = {6806},
	Year = {2011},
	Bdsk-Url-1 = {https://doi.org/10.1007/978-3-642-22110-1%5C_47},
	Bdsk-Url-2 = {http://dx.doi.org/10.1007/978-3-642-22110-1%5C_47}}
		
@book{MorgensternNeuman42,
	Address = {},
	Author = {Oskar Morgenstern and John von Neumann},
	Edition = {1st},
	Isbn = {978-0691130613},
	Publisher = { Princeton University Press},
	Title = {Theory of Games and Economic Behavior},
	Year = {1942}}
	
@inproceedings{DBLP:conf/aaai/ZhuGPV20,
  author    = {Shufang Zhu and
               Giuseppe De Giacomo and
               Geguang Pu and
               Moshe Y. Vardi},
  title     = {LTL{\(f\)} Synthesis with Fairness and Stability Assumptions},
  booktitle = {The Thirty-Fourth {AAAI} Conference on Artificial Intelligence, {AAAI}
               2020, The Thirty-Second Innovative Applications of Artificial Intelligence
               Conference, {IAAI} 2020, The Tenth {AAAI} Symposium on Educational
               Advances in Artificial Intelligence, {EAAI} 2020, New York, NY, USA,
               February 7-12, 2020},
  pages     = {3088--3095},
  publisher = {{AAAI} Press},
  year      = {2020},
  url       = {https://aaai.org/ojs/index.php/AAAI/article/view/5704},
  timestamp = {Tue, 02 Feb 2021 08:00:21 +0100},
  biburl    = {https://dblp.org/rec/conf/aaai/ZhuGPV20.bib},
  bibsource = {dblp computer science bibliography, https://dblp.org}
}

@inproceedings{DBLP:conf/ifipTCS/BolligC04,
  author    = {Christel Baier and
               Marcus Gr{\"{o}}{\ss}er and
               Martin Leucker and
               Benedikt Bollig and
               Frank Ciesinski},
  editor    = {Jean{-}Jacques L{\'{e}}vy and
               Ernst W. Mayr and
               John C. Mitchell},
  title     = {Controller Synthesis for Probabilistic Systems},
  booktitle = {Exploring New Frontiers of Theoretical Informatics, {IFIP} 18th World
               Computer Congress, {TC1} 3rd International Conference on Theoretical
               Computer Science (TCS2004), 22-27 August 2004, Toulouse, France},
  series    = {{IFIP}},
  volume    = {155},
  pages     = {493--506},
  publisher = {Kluwer/Springer},
  year      = {2004},
  OPTurl       = {https://doi.org/10.1007/1-4020-8141-3_38},
  doi       = {10.1007/1-4020-8141-3_38},
  timestamp = {Fri, 27 Sep 2019 10:35:17 +0200},
  biburl    = {https://dblp.org/rec/conf/ifipTCS/BolligC04.bib},
  bibsource = {dblp computer science bibliography, https://dblp.org}
}

@inproceedings{DBLP:conf/fossacs/AsarinCV10,
  author    = {Eugene Asarin and
               Rapha{\"{e}}l Chane{-}Yack{-}Fa and
               Daniele Varacca},
  editor    = {C.{-}H. Luke Ong},
  title     = {Fair Adversaries and Randomization in Two-Player Games},
  booktitle = {Foundations of Software Science and Computational Structures, 13th
               International Conference, {FOSSACS} 2010, Held as Part of the Joint
               European Conferences on Theory and Practice of Software, {ETAPS} 2010,
               Paphos, Cyprus, March 20-28, 2010. Proceedings},
  series    = {Lecture Notes in Computer Science},
  volume    = {6014},
  pages     = {64--78},
  publisher = {Springer},
  year      = {2010},
  OPTurl       = {https://doi.org/10.1007/978-3-642-12032-9_6},
  doi       = {10.1007/978-3-642-12032-9_6},
  timestamp = {Sun, 25 Oct 2020 22:38:53 +0100},
  biburl    = {https://dblp.org/rec/conf/fossacs/AsarinCV10.bib},
  bibsource = {dblp computer science bibliography, https://dblp.org}
}

@article {Shapley1095,
	author = {Lloyd Shapley},
	title = {Stochastic Games},
	volume = {39},
	number = {10},
	pages = {1095--1100},
	year = {1953},
	doi = {10.1073/pnas.39.10.1095},
	publisher = {National Academy of Sciences},
	issn = {0027-8424},
	OPTURL = {https://www.pnas.org/content/39/10/1095},
	OPTeprint = {https://www.pnas.org/content/39/10/1095.full.pdf},
	journal = {Proceedings of the National Academy of Sciences}
}

@inproceedings{KNP01-NOCITAR-USAR_CAV11(ref_DBLP:conf/cav/KwiatkowskaNP11_mas_arriba),
author={M. Kwiatkowska and G. Norman and D. Parker},
title={{PRISM}: Probabilistic Symbolic Model Checker},
booktitle={Proc. Tools Session of Aachen 2001 International Multiconference on Measurement, Modelling and Evaluation of Computer-Communication Systems},
year={2001},
editor={P. Kemper},
pages={7--12},
organization={},
publisher={},
address={},
month={September},
_note={Available as Technical Report 760/2001, University of Dortmund},
key={}
}

@incollection{Kucera2011,
  author    = {Anton{\'{\i}}n Ku{\v{c}}era},
  editor    = {Krzysztof R. Apt and
               Erich Gr{\"{a}}del},
  title     = {Turn-based stochastic games},
  booktitle = {Lectures in Game Theory for Computer Scientists},
  pages     = {146--184},
  publisher = {Cambridge University Press},
  DOI={10.1017/CBO9780511973468.006},
  year      = {2011},
  timestamp = {Fri, 15 May 2020 15:33:04 +0200},
  biburl    = {https://dblp.org/rec/books/cu/11/000111a.bib},
  bibsource = {dblp computer science bibliography, https://dblp.org}
}

@Book{Bellman57,
  author =       "Bellman, Richard",
  title =        "Dynamic Programming",
  publisher =    "Princeton University Press",
  year =         "1957",
  address =   "Princeton, NJ, USA",
  edition =   "1"
}

@inproceedings{DBLP:conf/cav/Baier0L0W17,
  author    = {Christel Baier and
               Joachim Klein and
               Linda Leuschner and
               David Parker and
               Sascha Wunderlich},
  editor    = {Rupak Majumdar and
               Viktor Kuncak},
  title     = {Ensuring the Reliability of Your Model Checker: Interval Iteration
               for Markov Decision Processes},
  booktitle = {Computer Aided Verification - 29th International Conference, {CAV}
               2017, Heidelberg, Germany, July 24-28, 2017, Proceedings, Part {I}},
  series    = {Lecture Notes in Computer Science},
  volume    = {10426},
  pages     = {160--180},
  publisher = {Springer},
  year      = {2017},
  url       = {https://doi.org/10.1007/978-3-319-63387-9_8},
  doi       = {10.1007/978-3-319-63387-9_8},
  timestamp = {Wed, 25 Sep 2019 18:02:04 +0200},
  biburl    = {https://dblp.org/rec/conf/cav/Baier0L0W17.bib},
  bibsource = {dblp computer science bibliography, https://dblp.org}
}

@article{DBLP:journals/tcs/HaddadM18,
  author    = {Serge Haddad and
               Benjamin Monmege},
  title     = {Interval iteration algorithm for {MDPs} and {IMDPs}},
  journal   = {Theor. Comput. Sci.},
  volume    = {735},
  pages     = {111--131},
  year      = {2018},
  url       = {https://doi.org/10.1016/j.tcs.2016.12.003},
  doi       = {10.1016/j.tcs.2016.12.003},
  timestamp = {Tue, 10 Jul 2018 09:45:25 +0200},
  biburl    = {https://dblp.org/rec/journals/tcs/HaddadM18.bib},
  bibsource = {dblp computer science bibliography, https://dblp.org}
}

@article{PatekBertsekas99,
  author    = {Stephen D. Patek and Dimitri P. Bertsekas},
  title     = {Stochastic Shortest Path Games},
  journal   = {SIAM Journal on Control and Optimization},
  volume    = {37},
  issue      =  {3},
  pages     = {804--824},
  year      = {1999},
}

@inproceedings{DBLP:conf/iccps/FengWHT15,
  author    = {Lu Feng and
               Clemens Wiltsche and
               Laura R. Humphrey and
               Ufuk Topcu},
  editor    = {Alexandre M. Bayen and
               Michael S. Branicky},
  title     = {Controller synthesis for autonomous systems interacting with human
               operators},
  booktitle = {Proceedings of the {ACM/IEEE} Sixth International Conference on Cyber-Physical
               Systems, {ICCPS} 2015, Seattle, WA, USA, April 14-16, 2015},
  pages     = {70--79},
  publisher = {{ACM}},
  year      = {2015},
  url       = {https://doi.org/10.1145/2735960.2735973},
  doi       = {10.1145/2735960.2735973},
  timestamp = {Sun, 25 Jul 2021 11:51:30 +0200},
  biburl    = {https://dblp.org/rec/conf/iccps/FengWHT15.bib},
  bibsource = {dblp computer science bibliography, https://dblp.org}
}

@inproceedings{DBLP:conf/cav/KwiatkowskaN0S20,
  author    = {Marta Kwiatkowska and
               Gethin Norman and
               David Parker and
               Gabriel Santos},
  editor    = {Shuvendu K. Lahiri and
               Chao Wang},
  title     = {PRISM-games 3.0: Stochastic Game Verification with Concurrency, Equilibria
               and Time},
  booktitle = {Computer Aided Verification - 32nd International Conference, {CAV}
               2020, Los Angeles, CA, USA, July 21-24, 2020, Proceedings, Part {II}},
  series    = {Lecture Notes in Computer Science},
  volume    = {12225},
  pages     = {475--487},
  publisher = {Springer},
  year      = {2020},
  url       = {https://doi.org/10.1007/978-3-030-53291-8\_25},
  doi       = {10.1007/978-3-030-53291-8\_25},
  timestamp = {Wed, 12 Aug 2020 15:15:44 +0200},
  biburl    = {https://dblp.org/rec/conf/cav/KwiatkowskaN0S20.bib},
  bibsource = {dblp computer science bibliography, https://dblp.org}
}

@book{davey1990introduction,
  added-at = {2011-12-23T01:05:17.000+0100},
  address = {Cambridge},
  author = {Davey, Brian A. and Priestley, Hilary A.},
  biburl = {https://www.bibsonomy.org/bibtex/2df19796e33c1e2c861b613e3c8a86f58/sdo},
  description = {Introduction to Lattices and Order: B. A. Davey, H. A. Priestley: 9780521367660: Englische Bücher},
  interhash = {7255554003c02eb6ddf14a6fcb9b9f72},
  intrahash = {df19796e33c1e2c861b613e3c8a86f58},
  isbn = {0521365848 9780521365840 0521367662 9780521367660},
  keywords = {fca introduction lattice order},
  publisher = {Cambridge University Press},
  refid = {471812885},
  timestamp = {2011-12-23T01:05:17.000+0100},
  title = {Introduction to lattices and order},
  year = 1990
}
